<marc:record>
        <marc:leader>04107cam a2200649 a 4500</marc:leader>
        <marc:controlfield tag="001">341519</marc:controlfield>
        <marc:controlfield tag="005">20130529161911.0</marc:controlfield>
        <marc:controlfield tag="008">860123s1773    enk           00000 eng d</marc:controlfield>
        <marc:datafield ind1=" " ind2=" " tag="035">
            <marc:subfield code="a">(PUVoyagerBIBID)200430</marc:subfield></marc:datafield>
        <marc:datafield ind1=" " ind2=" " tag="035">
            <marc:subfield code="a">(CStRLIN)PAUG86-B2447</marc:subfield>
        </marc:datafield>
        <marc:datafield ind1=" " ind2=" " tag="035">
            <marc:subfield code="a">(CaOTULAS)121279042</marc:subfield>
        </marc:datafield>
        <marc:datafield ind1=" " ind2=" " tag="035">
            <marc:subfield code="9">ABC5445</marc:subfield>
        </marc:datafield>
        <marc:datafield ind1=" " ind2=" " tag="035">
            <marc:subfield code="a">(END)sm_pr3356_c54_f44_1773_v1</marc:subfield>
        </marc:datafield>
        <marc:datafield ind1=" " ind2=" " tag="035">
            <marc:subfield code="a">(MediadbVoyBIBID)341519</marc:subfield>
        </marc:datafield>
        <marc:datafield ind1=" " ind2=" " tag="035">
            <marc:subfield code="a">(END)sm_pr3356_c54_f44_1773_v2</marc:subfield>
        </marc:datafield>
        <marc:datafield ind1=" " ind2=" " tag="040">
            <marc:subfield code="a">PU</marc:subfield>
            <marc:subfield code="c">PU</marc:subfield>
        </marc:datafield>
        <marc:datafield ind1=" " ind2=" " tag="090">
            <marc:subfield code="a">PR3356.C54</marc:subfield>
            <marc:subfield code="b">F44 1773</marc:subfield>
            <marc:subfield code="i">01/23/86 CT</marc:subfield>
        </marc:datafield>
        <marc:datafield ind1="1" ind2=" " tag="100">
            <marc:subfield code="a">Collyer, Mary,</marc:subfield>
            <marc:subfield code="d">d. 1763.</marc:subfield>
        </marc:datafield>
        <marc:datafield ind1="1" ind2="0" tag="240">
            <marc:subfield code="a">Felicia to Charlotte.</marc:subfield>
            <marc:subfield code="f">1773</marc:subfield>
        </marc:datafield>
        <marc:datafield ind1="1" ind2="0" tag="245">
            <marc:subfield code="a">Letters from Felicia to Charlotte :</marc:subfield>
            <marc:subfield code="b">containing a series of the most interesting events, interspersed with moral reflections, chiefly tending to prove that the seeds of virtue are implanted in the mind of every reasonable being : in two volumes.</marc:subfield>
        </marc:datafield>
        <marc:datafield ind1=" " ind2=" " tag="246">
            <marc:subfield code="a">Letters from Felicia to Charlotte; containing a series of the most interesting events, interspersed with moral reflections; chiefly tending to prove that the seeds of virtue are implanted in the mind of every reasonable being. The fourth edition. Corrected and improved. In two volumes. Vol. I.</marc:subfield>
            <marc:subfield code="d">Letter-press</marc:subfield>
            <marc:subfield code="x">Volume</marc:subfield>
            <marc:subfield code="g">Full</marc:subfield>
            <marc:subfield code="v">v.1</marc:subfield>
        </marc:datafield>
        <marc:datafield ind1=" " ind2=" " tag="246">
            <marc:subfield code="a">Letters from Felicia to Charlotte; containing a series of the most interesting events, interspersed with moral reflections; chiefly tending to prove that the seeds of virtue are implanted in the mind of every reasonable being. The fourth edition. Corrected and improved. In two volumes. Vol. II.</marc:subfield>
            <marc:subfield code="d">Letter-press</marc:subfield>
            <marc:subfield code="x">Volume</marc:subfield>
            <marc:subfield code="g">Full</marc:subfield>
            <marc:subfield code="v">v.2</marc:subfield>
        </marc:datafield>
        <marc:datafield ind1="0" ind2="7" tag="246">
            <marc:subfield code="a">Felicia to Charlotte.</marc:subfield>
            <marc:subfield code="v">v.1</marc:subfield>
            <marc:subfield code="v">v.2</marc:subfield>
        </marc:datafield>
        <marc:datafield ind1="0" ind2="7" tag="246">
            <marc:subfield code="a">Felicia to Charlotte. (verso)</marc:subfield>
            <marc:subfield code="a">Felicia to Charlotte. (recto)</marc:subfield>
            <marc:subfield code="v">v.1</marc:subfield>
            <marc:subfield code="v">v.2</marc:subfield>
        </marc:datafield>
        <marc:datafield ind1=" " ind2=" " tag="250">
            <marc:subfield code="a">The fourth edition. Corrected and improved.</marc:subfield>
            <marc:subfield code="b">Fourth edition.</marc:subfield>
        </marc:datafield>
        <marc:datafield ind1=" " ind2=" " tag="260">
            <marc:subfield code="a">London :</marc:subfield>
            <marc:subfield code="b">Printed for J. Rivington, T. Caslon, J. Johnson, J. Payne and W. Goldsmith.</marc:subfield>
            <marc:subfield code="c">MDCCLXXIII.</marc:subfield>
        </marc:datafield>
        <marc:datafield ind1=" " ind2=" " tag="300">
            <marc:subfield code="a">2 v. ;</marc:subfield>
            <marc:subfield code="c">17 cm. (12mo)</marc:subfield>
            <marc:subfield code="x">Duodecimo</marc:subfield>
            <marc:subfield code="z">In two volumes.</marc:subfield>
            <marc:subfield code="a">[2 v.]</marc:subfield>
        </marc:datafield>
        <marc:datafield ind1=" " ind2=" " tag="500">
            <marc:subfield code="a">Published anonymously.  By Mary Collyer.  Cf. Halkett &amp; Laing (2nd ed.)</marc:subfield>
        </marc:datafield>
        <marc:datafield ind1=" " ind2=" " tag="500">
            <marc:subfield code="a">Bookplate on front pastedown in both volumes that reads &quot;&quot;Dacre.&quot;</marc:subfield>
        </marc:datafield>
        <marc:datafield ind1="4" ind2=" " tag="510">
            <marc:subfield code="a">ESTC (RLIN)</marc:subfield>
            <marc:subfield code="c">N3663</marc:subfield>
        </marc:datafield>
        <marc:datafield ind1=" " ind2=" " tag="592">
            <marc:subfield code="a">Epistolary</marc:subfield>
            <marc:subfield code="c">Poems</marc:subfield>
        </marc:datafield>
        <marc:datafield ind1=" " ind2=" " tag="594">
            <marc:subfield code="a">[Illegible]</marc:subfield>
            <marc:subfield code="b">Ink</marc:subfield>
            <marc:subfield code="v">v.1</marc:subfield>
            <marc:subfield code="x">Unreadable because underneath bookplate</marc:subfield>
        </marc:datafield>
        <marc:datafield ind1=" " ind2=" " tag="594">
            <marc:subfield code="a">Mrs Collyer</marc:subfield>
            <marc:subfield code="b">Pencil</marc:subfield>
            <marc:subfield code="v">v.1</marc:subfield>
            <marc:subfield code="x">On bottom of title page</marc:subfield>
            <marc:subfield code="x">Possibly librarian\'s note</marc:subfield>
        </marc:datafield>
        <marc:datafield ind1=" " ind2=" " tag="599">
            <marc:subfield code="a">Editor (text)</marc:subfield>
            <marc:subfield code="b">Generic/Descriptive</marc:subfield>
            <marc:subfield code="2">*Lest this description should be thought romantic, the editor thinks himself obliged to inform the public, that this...</marc:subfield>
            <marc:subfield code="3">Text</marc:subfield>
            <marc:subfield code="5">Male</marc:subfield>
            <marc:subfield code="6">Female</marc:subfield>
            <marc:subfield code="x">The only references to the editor are in footnotes in the text.</marc:subfield>
        </marc:datafield>
        <marc:datafield ind1=" " ind2="4" tag="650">
            <marc:subfield code="a">CHR 1773</marc:subfield>
        </marc:datafield>
        <marc:datafield ind1=" " ind2="4" tag="650">
            <marc:subfield code="a">PRO Singer, Jacob (Donor)</marc:subfield>
        </marc:datafield>
        <marc:datafield ind1=" " ind2="4" tag="650">
            <marc:subfield code="a">PRO Singer, Leah (donor)</marc:subfield>
        </marc:datafield>
        <marc:datafield ind1=" " ind2="4" tag="650">
            <marc:subfield code="a">PRO Singer, Godfrey F. (honoree)</marc:subfield>
        </marc:datafield>
        <marc:datafield ind1=" " ind2="4" tag="650">
            <marc:subfield code="a">PRO Dacre (Bookplate)</marc:subfield>
        </marc:datafield>
        <marc:datafield ind1=" " ind2=" " tag="700">
            <marc:subfield code="a">Collyer, Mary</marc:subfield>
            <marc:subfield code="d">d. 1763</marc:subfield>
            <marc:subfield code="4">Author (text)</marc:subfield>
            <marc:subfield code="5">Authorized</marc:subfield>
        </marc:datafield>
        <marc:datafield ind1=" " ind2=" " tag="700">
            <marc:subfield code="a">Rivington, John</marc:subfield>
            <marc:subfield code="d">1720-1792</marc:subfield>
            <marc:subfield code="4">Printed for</marc:subfield>
            <marc:subfield code="5">Authorized</marc:subfield>
        </marc:datafield>
        <marc:datafield ind1=" " ind2=" " tag="700">
            <marc:subfield code="a">Caslon, Thomas</marc:subfield>
            <marc:subfield code="d">d. 1783</marc:subfield>
            <marc:subfield code="4">Printed for</marc:subfield>
            <marc:subfield code="5">Authorized</marc:subfield>
        </marc:datafield>
        <marc:datafield ind1=" " ind2=" " tag="700">
            <marc:subfield code="a">Johnson, J.</marc:subfield>
            <marc:subfield code="4">Printed for</marc:subfield>
            <marc:subfield code="5">Authorized</marc:subfield>
        </marc:datafield>
        <marc:datafield ind1=" " ind2=" " tag="700">
            <marc:subfield code="a">Payne, John</marc:subfield>
            <marc:subfield code="4">d. 1787</marc:subfield>
            <marc:subfield code="4">Printed for</marc:subfield>
            <marc:subfield code="5">Authorized</marc:subfield>
        </marc:datafield>
        <marc:datafield ind1=" " ind2=" " tag="700">
            <marc:subfield code="a">Goldsmith, William</marc:subfield>
            <marc:subfield code="d">d. 1795</marc:subfield>
            <marc:subfield code="4">Printed for</marc:subfield>
            <marc:subfield code="5">Authorized</marc:subfield>
        </marc:datafield>
        <marc:datafield ind1=" " ind2=" " tag="700">
            <marc:subfield code="a">Dacre, Barbarina Lady</marc:subfield>
            <marc:subfield code="d">1767-1854</marc:subfield>
            <marc:subfield code="4">Author (bookplate)</marc:subfield>
            <marc:subfield code="5">Authorized</marc:subfield>
        </marc:datafield>
        <marc:datafield ind1=" " ind2=" " tag="710">
            <marc:subfield code="a">J. Rivington, T. Caslon, J. Johnson, J. Payne and W. Goldsmith</marc:subfield>
            <marc:subfield code="4">Printed for</marc:subfield>
            <marc:subfield code="5">Unauthorized</marc:subfield>
        </marc:datafield>
        <marc:datafield ind1="2" ind2=" " tag="710">
            <marc:subfield code="a">Collection of British and American Fiction, 1660-1830 (University of Pennsylvania)</marc:subfield>
        </marc:datafield>
        <marc:datafield ind1="2" ind2=" " tag="710">
            <marc:subfield code="a">Early Novels</marc:subfield>
            <marc:subfield code="5">University of Pennsylvania</marc:subfield>
        </marc:datafield>
        <marc:datafield ind1=" " ind2=" " tag="752">
            <marc:subfield code="a">England</marc:subfield>
            <marc:subfield code="d">London.</marc:subfield>
        </marc:datafield>
        <marc:datafield ind1="0" ind2="1" tag="852">
            <marc:subfield code="b">scsing</marc:subfield>
            <marc:subfield code="t">1</marc:subfield>
            <marc:subfield code="h">PR3356.C54</marc:subfield>
            <marc:subfield code="i">F44 1773</marc:subfield>
        </marc:datafield>
        <marc:datafield ind1="3" ind2="0" tag="866">
            <marc:subfield code="8">0</marc:subfield>
            <marc:subfield code="a">2 v.</marc:subfield>
        </marc:datafield>
        <marc:datafield ind1="3" ind2="0" tag="866">
            <marc:subfield code="8">0</marc:subfield>
            <marc:subfield code="a">(v.1-2); id=9999</marc:subfield>
        </marc:datafield>
        <marc:datafield ind1=" " ind2=" " tag="950">
            <marc:subfield code="l">RBC</marc:subfield>
            <marc:subfield code="e">\\\\Singer-\\Menden-\\hall\\</marc:subfield>
            <marc:subfield code="v">2 v.</marc:subfield>
            <marc:subfield code="i">01/23/86 C</marc:subfield>
        </marc:datafield>
        <marc:datafield ind1=" " ind2=" " tag="955">
            <marc:subfield code="l">RBC</marc:subfield>
            <marc:subfield code="c">1:(v.1-2)</marc:subfield>
            <marc:subfield code="q">725159</marc:subfield>
            <marc:subfield code="s">Ex libris: Dacre</marc:subfield>
            <marc:subfield code="s">g. Mr. and Mrs. Jacob Singer</marc:subfield>
            <marc:subfield code="i">01/23/86 C</marc:subfield>
        </marc:datafield>
        <marc:datafield ind1=" " ind2=" " tag="989">
            <marc:subfield code="2">Letter</marc:subfield>
            <marc:subfield code="2">Series</marc:subfield>
            <marc:subfield code="2">Event</marc:subfield>
            <marc:subfield code="2">Reflection</marc:subfield>
            <marc:subfield code="2">Seed</marc:subfield>
            <marc:subfield code="2">Virtue</marc:subfield>
            <marc:subfield code="2">Mind</marc:subfield>
            <marc:subfield code="2">Being</marc:subfield>
            <marc:subfield code="2">Edition</marc:subfield>
            <marc:subfield code="2">Volume</marc:subfield>
            <marc:subfield code="3">Interesting</marc:subfield>
            <marc:subfield code="3">Moral</marc:subfield>
            <marc:subfield code="3">Every</marc:subfield>
            <marc:subfield code="3">Reasonable</marc:subfield>
            <marc:subfield code="3">Fourth</marc:subfield>
            <marc:subfield code="3">Two</marc:subfield>
            <marc:subfield code="5">Felicia</marc:subfield>
            <marc:subfield code="5">Charlotte</marc:subfield>
            <marc:subfield code="6">Contain</marc:subfield>
            <marc:subfield code="6">Intersperse</marc:subfield>
            <marc:subfield code="6">Tend</marc:subfield>
            <marc:subfield code="6">Prove</marc:subfield>
            <marc:subfield code="6">Implant</marc:subfield>
            <marc:subfield code="6">Correct</marc:subfield>
            <marc:subfield code="6">Improve</marc:subfield>
            <marc:subfield code="7">Letter</marc:subfield>
            <marc:subfield code="7">Seed</marc:subfield>
            <marc:subfield code="8">Most</marc:subfield>
            <marc:subfield code="8">Chiefly</marc:subfield>
            <marc:subfield code="v">v.1</marc:subfield>
            <marc:subfield code="v">v.2</marc:subfield>
        </marc:datafield>
        <marc:datafield ind1=" " ind2=" " tag="999">
            <marc:subfield code="a">MJR</marc:subfield>
            <marc:subfield code="b">6/8/11</marc:subfield>
            <marc:subfield code="c">Swarthmore College</marc:subfield>
        </marc:datafield>
    </marc:record>
